<record><leader>00000cas a2200000 a 4500</leader><controlfield tag="001">11910620</controlfield><controlfield tag="008">850412d18771879ksuwr ne      0   a0eng d</controlfield><datafield ind1=" " ind2=" " tag="010"><subfield code="a">sn 85029122 </subfield></datafield><datafield ind1=" " ind2=" " tag="040"><subfield code="a">KSH</subfield><subfield code="b">eng</subfield><subfield code="c">KSH</subfield><subfield code="d">NPT</subfield><subfield code="d">OCL</subfield><subfield code="d">OCLCQ</subfield></datafield><datafield ind1=" " ind2=" " tag="042"><subfield code="a">msc</subfield></datafield><datafield ind1="0" ind2=" " tag="130"><subfield code="a">Valley Falls new era (Valley Falls, Kan. : 1877)</subfield></datafield><datafield ind1="1" ind2="0" tag="245"><subfield code="a">Valley Falls new era.</subfield></datafield><datafield ind1=" " ind2=" " tag="260"><subfield code="a">Valley Falls, Kan. :</subfield><subfield code="b">A.G. Patrick,</subfield><subfield code="c">1877-1879.</subfield></datafield><datafield ind1=" " ind2=" " tag="300"><subfield code="a">2 v. ;</subfield><subfield code="c">65 cm.</subfield></datafield><datafield ind1=" " ind2=" " tag="310"><subfield code="a">Weekly</subfield></datafield><datafield ind1="0" ind2=" " tag="362"><subfield code="a">Vol. 12, no. 47 (Dec. 29, 1877)-v. 14, no. 4 (Feb. 29, 1879).</subfield></datafield><datafield ind1=" " ind2=" " tag="500"><subfield code="a">Published by G.D. Ingersoll, Oct. 5, 1878-Feb. 29, 1879.</subfield></datafield><datafield ind1=" " ind2=" " tag="752"><subfield code="a">United States</subfield><subfield code="b">Kansas</subfield><subfield code="c">Jefferson</subfield><subfield code="d">Valley Falls.</subfield></datafield><datafield ind1="0" ind2="0" tag="780"><subfield code="t">Kansas new era (Valley Falls, Kan.)</subfield><subfield code="w">(DLC)sn 85029121</subfield></datafield><datafield ind1="0" ind2="0" tag="785"><subfield code="t">New era (Valley Falls, Kan.)</subfield><subfield code="w">(DLC)sn 85029123</subfield></datafield></record>